@article{candes2015phase,
  title={Phase retrieval via matrix completion},
  author={Candes, Emmanuel J and Eldar, Yonina C and Strohmer, Thomas and Voroninski, Vladislav},
  journal={SIAM review},
  volume={57},
  number={2},
  pages={225--251},
  year={2015},
  publisher={SIAM}
}


@article{fienup1982phase,
  title={Phase retrieval algorithms: a comparison},
  author={Fienup, James R},
  journal={Applied optics},
  volume={21},
  number={15},
  pages={2758--2769},
  year={1982},
  publisher={Optical Society of America}
}

@article{griffin1984signal,
  title={Signal estimation from modified short-time Fourier transform},
  author={Griffin, Daniel and Lim, Jae},
  journal={IEEE Transactions on Acoustics, Speech, and Signal Processing},
  volume={32},
  number={2},
  pages={236--243},
  year={1984},
  publisher={IEEE}
}


@inproceedings{pruvsa2016real,
  title={Real-time spectrogram inversion using phase gradient heap integration},
  author={Pru{\v{s}}a, Zdenek and S{\o}ndergaard, Peter L},
  booktitle={Proc. Int. Conf. Digital Audio Effects (DAFx-16)},
  pages={17--21},
  year={2016}
}


@article{arik2018fast,
  title={Fast spectrogram inversion using multi-head convolutional neural networks},
  author={Arik, Sercan Omer and Jun, Heewoo and Diamos, Gregory},
  journal={IEEE Signal Processing Letters},
  year={2018},
  publisher={IEEE}
}

@inproceedings{van2016wavenet,
  title={WaveNet: A generative model for raw audio.},
  author={Van Den Oord, A{\"a}ron and Dieleman, Sander and Zen, Heiga and Simonyan, Karen and Vinyals, Oriol and Graves, Alex and Kalchbrenner, Nal and Senior, Andrew W and Kavukcuoglu, Koray},
  booktitle={SSW},
  pages={125},
  year={2016}
}

@article{donahue2018wavegan,
  title={Synthesizing Audio with Generative Adversarial Networks},
  author={Donahue, Chris and McAuley, Julian and Puckette, Miller},
  journal={arXiv:1802.04208},
  year={2018}
}

@inproceedings{shen2018natural,
  title={Natural tts synthesis by conditioning wavenet on mel spectrogram predictions},
  author={Shen, Jonathan and Pang, Ruoming and Weiss, Ron J and Schuster, Mike and Jaitly, Navdeep and Yang, Zongheng and Chen, Zhifeng and Zhang, Yu and Wang, Yuxuan and Skerrv-Ryan, Rj and others},
  booktitle={2018 IEEE International Conference on Acoustics, Speech and Signal Processing (ICASSP)},
  pages={4779--4783},
  year={2018},
  organization={IEEE}
}

@inproceedings{goodfellow2014generative,
  title={Generative adversarial nets},
  author={Goodfellow, Ian and Pouget-Abadie, Jean and Mirza, Mehdi and Xu, Bing and Warde-Farley, David and Ozair, Sherjil and Courville, Aaron and Bengio, Yoshua},
  booktitle={Advances in neural information processing systems},
  pages={2672--2680},
  year={2014}
}

@article{marafioti2019adversarial,
  title={Adversarial Generation of Time-Frequency Features with application in audio synthesis},
  author={Marafioti, Andr{\'e}s and Holighaus, Nicki and Perraudin, Nathana{\"e}l and Majdak, Piotr},
  journal={arXiv preprint arXiv:1902.04072},
  year={2019}
}

