@inproceedings{van2016wavenet,
  title={WaveNet: A generative model for raw audio.},
  author={Van Den Oord, A{\"a}ron and Dieleman, Sander and Zen, Heiga and Simonyan, Karen and Vinyals, Oriol and Graves, Alex and Kalchbrenner, Nal and Senior, Andrew W and Kavukcuoglu, Koray},
  booktitle={SSW},
  pages={125},
  year={2016}
}

@article{che2017,
  title={Mode regularized generative adversarial networks},
  author={Che, Tong and Li, Yanran and Jacob, Athul Paul and Bengio, Yoshua and Li, Wenjie},
  journal={International Conference on Learning Representations},
  year={2017}
}

@article{srivastava2017,
  title={{VEE-GAN}: Reducing Mode Collapse in {GAN}s using Implicit Variational Learning},
  author={Srivastava, Akash and Valkov, Lazar and Russell, Chris and Gutmann, Michael U. and Sutton, Charles},
  journal={Advances In Neutral Information Processing Systems},
  year={2017}
}

@article{liang2018,
  title={Generative Adversarial Network Training is a Continual Learning Problem},
  author={Liang, Kevin J. and Li, Chunyuan and Wang, Guoyin and Carin, Lawrence},
  journal={arXiv:1811.11083v1},
  year={2018}
}

@article{donahue2018wavegan,
  title={Synthesizing Audio with Generative Adversarial Networks},
  author={Donahue, Chris and McAuley, Julian and Puckette, Miller},
  journal={arXiv:1802.04208},
  year={2018}
}

@article{goodman1986,
  title={Waveform substitution techniques for recovering missing speech segments in packed voice communications},
  author={Goodman, D. and Lockhart, G. and Wasem, O. and Wong, W.-C.},
  journal={IEEE Transactions on Acoustics, Speech and Signal Processing},
  volume={34},
  number={6},
  pages={1440--1448},
  year={1986},
}

@article{recommendatioin2001,
  title={1387: Method for objective measurements of perceived audio quality},
  author={Recommendation, I.},
  journal={International Telecommunication Union, Geneva, Switzerland},
  year={2001},
}

@article{etter1996,
  title={Restoration of a discrete-time signal segment by interpolation based on the left-sided and right-sided autoregressive parameters},
  author={Etter, W.},
  journal={IEEE Transactions on Signal Processing},
  volume={44},
  number={5},
  pages={1124--1135},
  year={1996},
}

@article{kauppinen2001,
  title={A method for long extrapolation of audio signals},
  author={Kauppinen, I. and Kauppinen, J. and Saarinen, P.},
  journal={Journal of the Audio Engineering Society},
  volume={49},
  number={12},
  pages={1167--1180},
  year={2001},
}

@article{siedenburg2013,
  title={Audio inpainting with social sparsity},
  author={Siedenburg, K. and Dörfler, M. and Kowalski, M.},
  journal={SPARS Signal Processing with Adaptive Sparse Structured Representations},
  year={2013},
}

@article{adler2012,
  title={Audio inpainting},
  author={Adler, A. and Emiya, V. and Jafari, M.G. and Elad, M. and Gribonval, R. and Plumbley, M.D.},
  journal={IEEE Transactions on Audio, Speech and Language Processing},
  volume={20},
  number={3},
  pages={922--932},
  year={2012},
}

@article{pinch2009,
  title={Analog days: The invention and impact of the Moog synthesizer},
  author={Pinch, Trevor J. and Trocco, Frank},
  journal={Harvard University Press},
  year={2009}
}

@article{lagrange2005,
  title={Long interpolation of audio signals using linear prediction in sinusoidal modeling},
  author={Lagrange, M. and Marchand, S. and Rault, J.-B.},
  journal={Audio Eng. Soc.},
  volume={53},
  number={10},
  pages={891--905},
  year={2005},
}

@article{lukin2008,
  title={Parametric interpolation of gaps in audio signals},
  author={Lukin, A. and Todd, J.},
  journal={Audio Engineering Society Convention},
  volume={125},
  year={2008},
}

@article{bahat2015,
  title={Self-content-based audio inpainting},
  author={Bahat, Y. and Schechner, Y. and Elad, M.},
  journal={Signal Processing},
  volume={111},
  pages={61--72},
  year={2015},
}

@article{goodfellow2014,
  title={Generative adversarial nets},
  author={Goodfellow, I. and Pouget-Abadie, J. and Mirza, M. and Xu, B. and Warde-Farley, D. and Ozair, S. and Courville, A. and Bengio, Y.},
  journal={Advances in neural information processing systems},
  pages={2672--2680},
  year={2014},
}

@article{donahue2019,
  title={Adversarial Audio Synthesis},
  author={Donahue, Chris and McAuley, Julian and Puckette, Miller},
  journal={arXiv:1802.04208v3},
  year={2019},
}

@article{radford2016,
  title={Unsupervised representation learning with deep convolutional generative adversarial networks},
  author={Radford, Alec and Metz, Luke and Chintala, Soumith},
  journal={ICLR},
  year={2016},
}

@article{arjovsky2017,
  title={Wassterstein {GAN}},
  author={Arjovsky, Martin and Chintala, Soumith and Bottou, Léon},
  journal={arXiv:1701.07875v3},
  year={2017}
}

@inproceedings{Mostafazadeh2017,
author = {Mostafazadeh, Nasrin and Roth, Michael and Louis, Annie and Chambers, Nathanael and Allen, James},
year = {2017},
month = {01},
pages = {46-51},
title = {LSDSem 2017 Shared Task: The Story Cloze Test},
doi = {10.18653/v1/W17-0906}
}

@article{marafioti2019adversarial,
  title={Adversarial Generation of Time-Frequency Features with application in audio synthesis},
  author={Marafioti, Andr{\'e}s and Holighaus, Nicki and Perraudin, Nathana{\"e}l and Majdak, Piotr},
  journal={arXiv preprint arXiv:1902.04072},
  year={2019}
}

@article{Hoang2017MultiGenerator,
  title={Multi-Generator Generative Adversarial Nets},
  author={Hoang, Quan and Nguyen, Tu Dinh and Le, Trung and Phung, Dinh},
  journal={arXiv preprint arXiv:1708.02556},
  year={2017}
}

@article{nguyen2017dual,
    title={Dual Discriminator Generative Adversarial Nets},
    author={Nguyen, Tu Dinh and Le, Trung and Vu, Hung  and Phung, Dinh},
    journal={arXiv preprint arXiv:1709.03831},
    year={2017},
}

@article{codegan,
  title={Audio inpainting with generative adversarial network},
  author={Perraudin, Nathana{\"e}l},
  journal={https://github.com/nperraud/CodeGAN},
  year={2017},
}

@article{perraudin2018,
  title={Inpainting of long audio segments with similarity graphs},
  author={Perraudin, N. and Holighaus, N. and Majdak, P. and Balazs, P.},
  journal={IEEE/ACM Transactions on Audio, Speech, and Language Processing},
  year={2018},
}

@article{chang2019,
  title={Deep Long Audio Inpainting},
  author={Chang, Ya-Liang and Lee, Kuan-Ying and Wu, Po-Yu and Lee, Hung-yi and Hsu, Winston},
  journal={arXiv:1911.06476v1},
  year={2019},
}